@book{grant2017sustainable,
  title={Sustainable logistics and supply chain management: principles and practices for sustainable operations and management},
  author={Grant, David B and Trautrims, Alexander and Wong, Chee Yew},
  year={2017},
  publisher={Kogan Page Publishers}
}

@incollection{mahendrawathi2015service,
  title={The Service Quality of Indonesiaâ€™s Logistics Service Provider in Preparation for ASEAN Economic Community},
  author={Mahendrawathi, ER and Wasusri, Thananya and Astuti, Hanim Maria and Herdiyanti, Anisah},
  booktitle={Industrial Engineering, Management Science and Applications 2015},
  pages={647--656},
  year={2015},
  publisher={Springer}
}

@book{fernie2018logistics,
  title={Logistics and retail management: emerging issues and new challenges in the retail supply chain},
  author={Fernie, John and Sparks, Leigh},
  year={2018},
  publisher={Kogan page publishers}
}

@article{pane2019implementasi,
  title={IMPLEMENTASI ALGORITMA GENETIKA UNTUK OPTIMALISASI PELAYANAN KEPENDUDUKAN},
  author={Pane, Syafrial Fachri and Awangga, Rolly Maulana and Rahcmadani, Esi Vidia and Permana, Seta},
  journal={Jurnal Tekno Insentif},
  volume={13},
  number={2},
  pages={36--43},
  year={2019}
}

@inproceedings{zhou2016warehouse,
  title={Warehouse management system development base on open source web framework},
  author={Zhou, Chuanhong and Fei, Qi},
  booktitle={2016 International Conference on Industrial Informatics-Computing Technology, Intelligent Technology, Industrial Information Integration (ICIICII)},
  pages={65--68},
  year={2016},
  organization={IEEE}
}

@inproceedings{khan2016privacy,
  title={Privacy and security problems of national health data warehouse: a convenient solution for developing countries},
  author={Khan, Shahidul Islam and Hoque, Abu Sayed Latiful},
  booktitle={2016 International Conference on Networking Systems and Security (NSysS)},
  pages={1--6},
  year={2016},
  organization={IEEE}
}

@article{pane2018qualitative,
  title={Qualitative Evaluation of RFID Implementation on Warehouse Management System.},
  author={Pane, Syafrial Fachri and Awangga, Rolly Maulana and Azhari, Bayu Rahmad},
  journal={Telkomnika},
  volume={16},
  number={3},
  year={2018}
}

@article{awangga2018k,
  title={K Means Clustering and Meanshift Analysis for Grouping the Data of Coal Term in Puslitbang tekMIRA.},
  author={Awangga, Rolly Maulana and Pane, Syafrial Fachri and Tunnisa, Khaera and Suwardi, Iping Supriana},
  journal={Telkomnika},
  volume={16},
  number={3},
  year={2018}
}